@online{crimson,
    author    = "Meg P. Bernhard",
    title     = "Q Guide Will No Longer Display Difficulty Score, Harris Say",
    url       = "http://www.thecrimson.com/article/2014/5/20/q-guide-difficulty-dropped/"
}

@article{wolfers,
    author =       "Justing Wolfers and Eric Zitzewitz",
    title =        "Prediction Markets",
    journal =      "Journal of Economic Perspectives",
    volume =       "18",
    number =       "2",
    pages =        "107--126",
    year =         "2004"
}

@article{dudik,
    author =       "Miroslav Dudik, Sebastien Lahaie, et al.",
    title =        "A Combinatorial Prediction Market for the U.S. Elections",
    journal =      "ACM Conference on Electronic Commerce",
    year =         "2013"
}

@online{cue,
    author="Harvard University",
    title="Harvard Q Guide",
    url="http://www.fas.harvard.edu/~evals/"
}

@online{textbook,
    author ="David Parkes and Sven Seuken",
    title="Ch 18. Prediction Markets",
    pages = "496--498",
    year = "2015"
}

@article{distributions,
    author = "Matthew Parry, A. Philip Dawid and Steffen Lauritzen",
    title="Proper Local Scoring Rules",
    pages = "3--4",
    journal="The Annals of Statistics",
    year = "2012",
    url = "http://arxiv.org/pdf/1101.5011.pdf"
}

@article{actionspaces,
    author ="A. P. Dawid",
    title= "The geometry of proper scoring rules",
    year = "2006"
}

@article{cost_based,
    author  =   "Yiling Chen, Mike Ruberry, Jennifer Wortman Vaughan",
    title   =   "Cost Function Market Makers for Measurable Spaces",
    year    =   "2013",
    url     =   "http://www.eecs.harvard.edu/econcs/pubs/Chen_EC13_b.pdf",
    journal =   "ACM"
}

@article{impossible,
    author  =   "X.Gao and Y. Chen",
    title   =   "An axiomatic characterization of continuous-outcome market makers",
    year    =   "2010",
    journal =   "Wine"
}